<record><leader>00000cas a22000007a 4500</leader><controlfield tag="001">34101072</controlfield><controlfield tag="008">960129d19441983okuwr n       0    0eng d</controlfield><datafield ind1=" " ind2=" " tag="010"><subfield code="a">sn 95076471 </subfield></datafield><datafield ind1=" " ind2=" " tag="040"><subfield code="a">OBN</subfield><subfield code="b">eng</subfield><subfield code="c">OBN</subfield><subfield code="d">OCLCQ</subfield><subfield code="d">OCLCF</subfield><subfield code="d">OCLCO</subfield></datafield><datafield ind1="1" ind2=" " tag="029"><subfield code="a">AU@</subfield><subfield code="b">000025861583</subfield></datafield><datafield ind1=" " ind2=" " tag="042"><subfield code="a">msc</subfield></datafield><datafield ind1=" " ind2=" " tag="043"><subfield code="a">n-us-ok</subfield></datafield><datafield ind1="0" ind2=" " tag="130"><subfield code="a">Drumright derrick (Drumright, Okla. : 1944)</subfield></datafield><datafield ind1="1" ind2="4" tag="245"><subfield code="a">The Drumright derrick.</subfield></datafield><datafield ind1=" " ind2=" " tag="260"><subfield code="a">Drumright, Okla. :</subfield><subfield code="b">Lou S. Allard</subfield></datafield><datafield ind1=" " ind2=" " tag="300"><subfield code="a">v.</subfield></datafield><datafield ind1=" " ind2=" " tag="310"><subfield code="a">Weekly</subfield></datafield><datafield ind1="0" ind2=" " tag="362"><subfield code="a">Vol. 32, no. 1 (Feb. 18, 1944)-v. 70, no. 17 (Apr. 19, 1983).</subfield></datafield><datafield ind1=" " ind2=" " tag="580"><subfield code="a">Issued with: Oilton news, July 14, 1964-&lt;1969&gt;.</subfield></datafield><datafield ind1=" " ind2=" " tag="580"><subfield code="a">Merged with: Drumright journal (Drumright, Okla.), and: Lake Keystone news, to form: News journal &amp; derrick.</subfield></datafield><datafield ind1=" " ind2="0" tag="651"><subfield code="a">Drumright (Okla.)</subfield><subfield code="v">Newspapers.</subfield></datafield><datafield ind1=" " ind2="0" tag="651"><subfield code="a">Creek County (Okla.)</subfield><subfield code="v">Newspapers.</subfield></datafield><datafield ind1=" " ind2="7" tag="655"><subfield code="a">Newspapers.</subfield><subfield code="2">fast</subfield><subfield code="0">(OCoLC)fst01423814</subfield></datafield><datafield ind1=" " ind2="7" tag="651"><subfield code="a">Oklahoma</subfield><subfield code="z">Creek County.</subfield><subfield code="2">fast</subfield><subfield code="0">(OCoLC)fst01221598</subfield></datafield><datafield ind1=" " ind2="7" tag="651"><subfield code="a">Oklahoma</subfield><subfield code="z">Drumright.</subfield><subfield code="2">fast</subfield><subfield code="0">(OCoLC)fst01226856</subfield></datafield><datafield ind1=" " ind2=" " tag="752"><subfield code="a">United States</subfield><subfield code="b">Oklahoma</subfield><subfield code="c">Creek</subfield><subfield code="d">Drumright.</subfield></datafield><datafield ind1="0" ind2=" " tag="777"><subfield code="t">Oilton news</subfield><subfield code="w">(DLC)sn 95076472</subfield></datafield><datafield ind1="0" ind2="0" tag="780"><subfield code="t">Drumright weekly derrick</subfield><subfield code="w">(DLC)sn 95076469</subfield><subfield code="w">(OCoLC)34101027</subfield></datafield><datafield ind1="0" ind2="7" tag="785"><subfield code="t">Drumright journal (Drumright, Okla.)</subfield><subfield code="w">(DLC)sn 95076473</subfield><subfield code="w">(OCoLC)34101094</subfield></datafield><datafield ind1="0" ind2="7" tag="785"><subfield code="t">Lake Keystone news</subfield><subfield code="w">(DLC)sn 95076475</subfield><subfield code="w">(OCoLC)34101083</subfield></datafield><datafield ind1="0" ind2="7" tag="785"><subfield code="t">News journal &amp; derrick</subfield><subfield code="w">(DLC)sn 83009091</subfield><subfield code="w">(OCoLC)9612677</subfield></datafield></record>